<?xml version="1.0" encoding="UTF-8"?><record xmlns="http://www.loc.gov/MARC21/slim" xmlns:cinclude="http://apache.org/cocoon/include/1.0" xmlns:zs="http://www.loc.gov/zing/srw/">
  <leader>00601cz  a2200169n  4500</leader>
  <controlfield tag="001">n  82038661 </controlfield>
  <controlfield tag="003">DLC</controlfield>
  <controlfield tag="005">20080815073215.0</controlfield>
  <controlfield tag="008">820323n| acannaabn          |b aaa      </controlfield>
  <datafield tag="010" ind1=" " ind2=" ">
    <subfield code="a">n  82038661 </subfield>
  </datafield>
  <datafield tag="035" ind1=" " ind2=" ">
    <subfield code="a">(OCoLC)oca00735703</subfield>
  </datafield>
  <datafield tag="040" ind1=" " ind2=" ">
    <subfield code="a">DLC</subfield>
    <subfield code="b">eng</subfield>
    <subfield code="c">DLC</subfield>
    <subfield code="d">OCoLC</subfield>
  </datafield>
  <datafield tag="100" ind1="1" ind2=" ">
    <subfield code="a">Murahashi, Tadasu,</subfield>
    <subfield code="d">1927-</subfield>
  </datafield>
  <datafield tag="400" ind1="1" ind2=" ">
    <subfield code="a">村橋端,</subfield>
    <subfield code="d">1927-</subfield>
  </datafield>
  <datafield tag="667" ind1=" " ind2=" ">
    <subfield code="a">Machine-derived non-Latin script reference project.</subfield>
  </datafield>
  <datafield tag="667" ind1=" " ind2=" ">
    <subfield code="a">Non-Latin script reference not evaluated.</subfield>
  </datafield>
  <datafield tag="670" ind1=" " ind2=" ">
    <subfield code="a">His Dōwa kyōiku no jissen, 1963:</subfield>
    <subfield code="b">t.p. (Murahashi Tadasu) colophon (r; b. 1927; teacher, Takatsuki Shiritsu Tomita Shōgakkō)</subfield>
  </datafield>
</record>